@article{fearing1986simplified,
  title={Simplified grasping and manipulation with dextrous robot hands},
  author={Fearing, Ronald S},
  journal={Robotics and Automation, IEEE Journal of},
  volume={2},
  number={4},
  pages={188--195},
  year={1986},
  publisher={IEEE}
}

@INPROCEEDINGS{RoACH, 
author={D. W. Haldane and K. C. Peterson and F. L. Garcia Bermudez and R. S. Fearing},
booktitle={Robotics and Automation (ICRA), 2013 IEEE International Conference on},
title={Animal-inspired design and aerodynamic stabilization of a hexapedal millirobot},
year={2013},
pages={3279-3286},
keywords={aerodynamics;aerospace control;legged locomotion;stability;VelociRoACH;aerodynamic rotational damper;aerodynamic stabilization;animal inspired design;dynamic performance;hexapedal millirobot;legged millirobots;legged robot;locomotion adaptations;robotic system;rotational dynamics;rotational energy;Aerodynamics;Animals;Kinematics;Legged locomotion;Limit-cycles;Oscillators},
doi={10.1109/ICRA.2013.6631034},
ISSN={1050-4729},
month={May},}

@article{Lynch01011999,
author = {Lynch, Kevin M. and Mason, Matthew T.},
title = {Dynamic Nonprehensile Manipulation: Controllability, Planning, and Experiments},
volume = {18},
number = {1},
pages = {64-92},
year = {1999},
doi = {10.1177/027836499901800105},
abstract ={We are interested in using low-degree-of-freedom robots to perform complex tasks by                 nonprehensile manipulation (manipulation without aformorforce-closure grasp). By                 notgrasping, the robot can usegravitational, centrifugal, and Coriolisforces as                 virtual motors to control more degrees of freedom of the part. The part s extra                 motionfreedoms are exhibited as rolling, slipping, and free flight.This paper describes controllability, motion planning, and implementation ofplanar                 dynamic nonprehensile manipukltion. We show that almost any planar object is                 controllable by point contact, and the controlling robot requires only twvo degrees                 of freedom (a point translating in the plane). We then focus on a one-joint                 manipulator (with a two-dimensional state space), and show that even this simplest                 of robots, by using slipping and rolling, can control a planar object to a                 fulldimensional subset of its six-dimensional statespace. We have developed a                 one-jointrobotto perform a variety of dynamic tasks, including snatching an object                 ftom a table, rolling an object on the surface of the arm, and throwing and                 catching. Nonlinear optimization is used to plan robot trajectories that achieve the                 desired object motion via coupling forces though the nonprehensile contact.},
URL = {http://ijr.sagepub.com/content/18/1/64.abstract},
eprint = {http://ijr.sagepub.com/content/18/1/64.full.pdf+html},
journal = {The International Journal of Robotics Research}
}

@INPROCEEDINGS{BicchiCompliant,
author={G. Tonietti and R. Schiavi and A. Bicchi},
booktitle={Robotics and Automation, 2005. ICRA 2005. Proceedings of the 2005 IEEE International Conference on},
title={Design and Control of a Variable Stiffness Actuator for Safe and Fast Physical Human/Robot Interaction},
year={2005},
pages={526-531},
keywords={Actuators;Performance;Physical Human-Robot Interaction;Safety;Variable Stiffness Mechanisms;Actuators;Design engineering;Feedback control;Human robot interaction;Impedance;Mechanical variables control;Optimal control;Prototypes;Safety;Shafts;Actuators;Performance;Physical Human-Robot Interaction;Safety;Variable Stiffness Mechanisms},
doi={10.1109/ROBOT.2005.1570172},
month={April},}

@article{sugar2002control,
  title={Control of cooperating mobile manipulators},
  author={Sugar, Thomas G and Kumar, Vijay},
  journal={Robotics and Automation, IEEE Transactions on},
  volume={18},
  number={1},
  pages={94--103},
  year={2002},
  publisher={IEEE}
}

@inproceedings{rodriguez2013effector,
  title={Effector form design for 1DOF planar actuation},
  author={Rodriguez, Alex and Mason, Matthew T},
  booktitle={Robotics and Automation (ICRA), 2013 IEEE International Conference on},
  pages={349--356},
  year={2013},
  organization={IEEE}
}

@article{rao1995manipulating,
  title={Manipulating algebraic parts in the plane},
  author={Rao, Anil S and Goldberg, Kenneth Y},
  journal={Robotics and Automation, IEEE Transactions on},
  volume={11},
  number={4},
  pages={598--602},
  year={1995},
  publisher={IEEE}
}

@article{rao1995friction,
  title={Friction and part curvature in parallel-jaw grasping},
  author={Rao, Anil S and Goldberg, Kenneth Y},
  journal={Journal of Robotic Systems},
  volume={12},
  number={6},
  pages={365--381},
  year={1995},
  publisher={Wiley Online Library}
}

@inproceedings{rus1995moving,
  title={Moving furniture with teams of autonomous robots},
  author={Rus, Daniela and Donald, Bruce and Jennings, Jim},
  booktitle={Intelligent Robots and Systems 95.'Human Robot Interaction and Cooperative Robots', Proceedings. 1995 IEEE/RSJ International Conference on},
  volume={1},
  pages={235--242},
  year={1995},
  organization={IEEE}
}

@incollection{bohringer1997distributed,
  title={Distributed robotic manipulation: Experiments in minimalism},
  author={B{\"o}hringer, Karl and Brown, Russell and Donald, Bruce and Jennings, Jim and Rus, Daniela},
  booktitle={Experimental robotics IV},
  pages={11--25},
  year={1997},
  publisher={Springer}
}

@inproceedings{inoue1996micromanipulation,
  title={Micromanipulation using a microcoil array},
  author={Inoue, Tadanobu and Hamasaki, Yukio and Shimoyama, Isao and Miura, Hirofumi},
  booktitle={Robotics and Automation, 1996. Proceedings., 1996 IEEE International Conference on},
  volume={3},
  pages={2208--2213},
  year={1996},
  organization={IEEE}
}

@article{zhang2002gripper,
  title={Gripper point contacts for part alignment},
  author={Zhang, Mike Tao and Goldberg, Ken},
  journal={Robotics and Automation, IEEE Transactions on},
  volume={18},
  number={6},
  pages={902--910},
  year={2002},
  publisher={IEEE}
}

@inproceedings{zhang2001design,
  title={Design of robot gripper jaws based on trapezoidal modules},
  author={Zhang, Tao and Goldberg, Ken},
  booktitle={Robotics and Automation, 2001. Proceedings 2001 ICRA. IEEE International Conference on},
  volume={2},
  pages={1065--1070},
  year={2001},
  organization={IEEE}
}

@article{zhang2007designing,
  title={Designing robot grippers: optimal edge contacts for part alignment},
  author={Zhang, Mike Tao and Goldberg, Ken},
  journal={Robotica},
  volume={25},
  number={03},
  pages={341--349},
  year={2007},
  publisher={Cambridge Univ Press}
}
